@book{hungerford:algebra,
  author    = {Thomas W. Hungerford},
  title     = {Algebra},
  publisher = {Springer},
  year      = {1974},
  isbn      = {0-387-90518-9},
}

@misc{ enwiki:1281064703,
  author = "{Wikipedia contributors}",
  title = "Von Neumann–Bernays–Gödel set theory --- {Wikipedia}{,} The Free Encyclopedia",
  year = "2025",
  url = "https://en.wikipedia.org/w/index.php?title=Von_Neumann%E2%80%93Bernays%E2%80%93G%C3%B6del_set_theory&oldid=1281064703",
  note = "[Online; accessed 13-August-2025]"
}